@inproceedings{Haas:2017:BWU:3062341.3062363,
 author = {Haas, Andreas and Rossberg, Andreas and Schuff, Derek L. and Titzer, Ben L. and Holman, Michael and Gohman, Dan and Wagner, Luke and Zakai, Alon and Bastien, JF},
 title = {Bringing the Web Up to Speed with WebAssembly},
 booktitle = {Proceedings of the 38th ACM SIGPLAN Conference on Programming Language Design and Implementation},
 series = {PLDI 2017},
 year = {2017},
 isbn = {978-1-4503-4988-8},
 location = {Barcelona, Spain},
 pages = {185--200},
 numpages = {16},
 url = {http://doi.acm.org/10.1145/3062341.3062363},
 doi = {10.1145/3062341.3062363},
 acmid = {3062363},
 publisher = {ACM},
 address = {New York, NY, USA},
 keywords = {assembly languages, just-in-time compilers, programming languages, type systems, virtual machines},
}

@online{WasmWebsite,
	title = {WebAssembly website},
	url = {https://webassembly.org/},
	year = {2018},
	lastaccessed = {April 16, 2018},
}

@online{EthereumWasm,
	title = {eWASM Design Overview and Specification},
	url = {https://github.com/ewasm/design},
	howpublished = {GitHub repository},
	lastaccessed = {April 16, 2018},
}

@online{NodejsWebsite,
	title = {Node.js website},
	url = {https://nodejs.org/},
	year = {2018},
	lastaccessed = {April 16, 2018},
}

@online{WasmConsensus,
	author = {Luke Wagner},
	title = {WebAssembly consensus and end of Browser Preview},
	year = {2017},
	url = {https://lists.w3.org/Archives/Public/public-webassembly/2017Feb/0002.html},
	lastaccessed = {April 16, 2018},
}

@ARTICLE{2018arXiv180201050F,
	author = {{Fu}, W. and {Lin}, R. and {Inge}, D.},
	title = "{TaintAssembly: Taint-Based Information Flow Control Tracking for WebAssembly}",
	journal = {ArXiv e-prints},
	archivePrefix = "arXiv",
	eprint = {1802.01050},
	primaryClass = "cs.CR",
	keywords = {Computer Science - Cryptography and Security},
	year = 2018,
	month = feb,
	adsurl = {http://adsabs.harvard.edu/abs/2018arXiv180201050F},
	adsnote = {Provided by the SAO/NASA Astrophysics Data System}
}

@inproceedings{Sen:2013:JSR:2491411.2491447,
	author = {Sen, Koushik and Kalasapur, Swaroop and Brutch, Tasneem and Gibbs, Simon},
	title = {Jalangi: A Selective Record-replay and Dynamic Analysis Framework for JavaScript},
	booktitle = {Proceedings of the 2013 9th Joint Meeting on Foundations of Software Engineering},
	series = {ESEC/FSE 2013},
	year = {2013},
	isbn = {978-1-4503-2237-9},
	location = {Saint Petersburg, Russia},
	pages = {488--498},
	numpages = {11},
	url = {http://doi.acm.org/10.1145/2491411.2491447},
	doi = {10.1145/2491411.2491447},
	acmid = {2491447},
	publisher = {ACM},
	address = {New York, NY, USA},
	keywords = {Concolic Testing, Dynamic Analysis, JavaScript, Record and Repla},
}

@article{Enck:2014:TIT:2642648.2619091,
	author = {Enck, William and Gilbert, Peter and Han, Seungyeop and Tendulkar, Vasant and Chun, Byung-Gon and Cox, Landon P. and Jung, Jaeyeon and McDaniel, Patrick and Sheth, Anmol N.},
	title = {TaintDroid: An Information-Flow Tracking System for Realtime Privacy Monitoring on Smartphones},
	journal = {ACM Trans. Comput. Syst.},
	issue_date = {June 2014},
	volume = {32},
	number = {2},
	month = jun,
	year = {2014},
	issn = {0734-2071},
	pages = {5:1--5:29},
	articleno = {5},
	numpages = {29},
	url = {http://doi.acm.org/10.1145/2619091},
	doi = {10.1145/2619091},
	acmid = {2619091},
	publisher = {ACM},
	address = {New York, NY, USA},
	keywords = {Information-flow tracking, mobile apps, privacy monitoring, smartphones},
}

@inproceedings{Luk:2005:PBC:1065010.1065034,
	author = {Luk, Chi-Keung and Cohn, Robert and Muth, Robert and Patil, Harish and Klauser, Artur and Lowney, Geoff and Wallace, Steven and Reddi, Vijay Janapa and Hazelwood, Kim},
	title = {Pin: Building Customized Program Analysis Tools with Dynamic Instrumentation},
	booktitle = {Proceedings of the 2005 ACM SIGPLAN Conference on Programming Language Design and Implementation},
	series = {PLDI '05},
	year = {2005},
	isbn = {1-59593-056-6},
	location = {Chicago, IL, USA},
	pages = {190--200},
	numpages = {11},
	url = {http://doi.acm.org/10.1145/1065010.1065034},
	doi = {10.1145/1065010.1065034},
	acmid = {1065034},
	publisher = {ACM},
	address = {New York, NY, USA},
	keywords = {dynamic compilation, instrumentation, program analysis tools},
}

@inproceedings{Nethercote:2007:VFH:1250734.1250746,
	author = {Nethercote, Nicholas and Seward, Julian},
	title = {Valgrind: A Framework for Heavyweight Dynamic Binary Instrumentation},
	booktitle = {Proceedings of the 28th ACM SIGPLAN Conference on Programming Language Design and Implementation},
	series = {PLDI '07},
	year = {2007},
	isbn = {978-1-59593-633-2},
	location = {San Diego, California, USA},
	pages = {89--100},
	numpages = {12},
	url = {http://doi.acm.org/10.1145/1250734.1250746},
	doi = {10.1145/1250734.1250746},
	acmid = {1250746},
	publisher = {ACM},
	address = {New York, NY, USA},
	keywords = {Memcheck, Valgrind, dynamic binary analysis, dynamic binary instrumentation, shadow values},
}